@Manual{R-base,
  title = {R: A Language and Environment for Statistical Computing},
  author = {{R Core Team}},
  organization = {R Foundation for Statistical Computing},
  address = {Vienna, Austria},
  year = {2018},
  url = {https://www.R-project.org/},
}
@Manual{R-blogdown,
  title = {blogdown: Create Blogs and Websites with R Markdown},
  author = {Yihui Xie},
  year = {2018},
  note = {R package version 0.9},
  url = {https://CRAN.R-project.org/package=blogdown},
}
@Manual{R-bookdown,
  title = {bookdown: Authoring Books and Technical Documents with R Markdown},
  author = {Yihui Xie},
  year = {2018},
  note = {R package version 0.7},
  url = {https://CRAN.R-project.org/package=bookdown},
}
@Manual{R-flexdashboard,
  title = {flexdashboard: R Markdown Format for Flexible Dashboards},
  author = {Richard Iannone and JJ Allaire and Barbara Borges},
  year = {2018},
  note = {R package version 0.5.1.1},
  url = {https://CRAN.R-project.org/package=flexdashboard},
}
@Manual{R-htmltools,
  title = {htmltools: Tools for HTML},
  author = {{RStudio} and {Inc.}},
  year = {2017},
  note = {R package version 0.3.6},
  url = {https://CRAN.R-project.org/package=htmltools},
}
@Manual{R-htmlwidgets,
  title = {htmlwidgets: HTML Widgets for R},
  author = {Ramnath Vaidyanathan and Yihui Xie and JJ Allaire and Joe Cheng and Kenton Russell},
  year = {2018},
  note = {R package version 1.3},
  url = {https://CRAN.R-project.org/package=htmlwidgets},
}
@Manual{R-knitr,
  title = {knitr: A General-Purpose Package for Dynamic Report Generation in R},
  author = {Yihui Xie},
  year = {2018},
  note = {R package version 1.20},
  url = {https://CRAN.R-project.org/package=knitr},
}
@Manual{R-learnr,
  title = {learnr: Interactive Tutorials for R},
  author = {Barret Schloerke and JJ Allaire and Barbara Borges},
  year = {2018},
  note = {R package version 0.9.2.1},
  url = {https://CRAN.R-project.org/package=learnr},
}
@Manual{R-markdown,
  title = {markdown: 'Markdown' Rendering for R},
  author = {JJ Allaire and Jeffrey Horner and Vicent Marti and Natacha Porte},
  year = {2017},
  note = {R package version 0.8},
  url = {https://CRAN.R-project.org/package=markdown},
}
@Manual{R-pkgdown,
  title = {pkgdown: Make Static HTML Documentation for a Package},
  author = {Hadley Wickham and Jay Hesselberth},
  year = {2018},
  note = {R package version 1.1.0},
  url = {https://CRAN.R-project.org/package=pkgdown},
}
@Manual{R-reticulate,
  title = {reticulate: Interface to 'Python'},
  author = {JJ Allaire and Kevin Ushey and Yuan Tang},
  year = {2018},
  note = {R package version 1.10},
  url = {https://CRAN.R-project.org/package=reticulate},
}
@Manual{R-revealjs,
  title = {revealjs: R Markdown Format for 'reveal.js' Presentations},
  author = {Hakim {El Hattab} and JJ Allaire},
  year = {2017},
  note = {R package version 0.9},
  url = {https://CRAN.R-project.org/package=revealjs},
}
@Manual{R-rmarkdown,
  title = {rmarkdown: Dynamic Documents for R},
  author = {JJ Allaire and Yihui Xie and Jonathan McPherson and Javier Luraschi and Kevin Ushey and Aron Atkins and Hadley Wickham and Joe Cheng and Winston Chang},
  year = {2018},
  note = {R package version 1.10},
  url = {https://CRAN.R-project.org/package=rmarkdown},
}
@Manual{R-rticles,
  title = {rticles: Article Formats for R Markdown},
  author = {JJ Allaire and Yihui Xie and {R Foundation} and Hadley Wickham and {Journal of Statistical Software} and Ramnath  Vaidyanathan and {Association for Computing Machinery} and Carl Boettiger and {Elsevier} and Karl Broman and Kirill Mueller and Bastiaan Quast and Randall  Pruim and Ben Marwick and Charlotte Wickham and Oliver Keyes and Miao Yu and Daniel Emaasit and Thierry Onkelinx and Alessandro Gasparini and Marc-Andre Desautels and Dominik Leutnant and {MDPI} and Oğuzhan Öğreden and Dalton Hance and Daniel Nüst},
  year = {2018},
  note = {R package version 0.6},
  url = {https://CRAN.R-project.org/package=rticles},
}
@Manual{R-servr,
  title = {servr: A Simple HTTP Server to Serve Static Files or Dynamic Documents},
  author = {Yihui Xie},
  year = {2018},
  note = {R package version 0.11},
  url = {https://CRAN.R-project.org/package=servr},
}
@Manual{R-shiny,
  title = {shiny: Web Application Framework for R},
  author = {Winston Chang and Joe Cheng and JJ Allaire and Yihui Xie and Jonathan McPherson},
  year = {2018},
  note = {R package version 1.1.0},
  url = {https://CRAN.R-project.org/package=shiny},
}
@Manual{R-sigma,
  title = {sigma: Interface to sigma.js Graph Visualization Library},
  author = {Alexis Jacomy and JJ Allaire},
  year = {2014},
  note = {R package version 1.0},
}
@Manual{R-tinytex,
  title = {tinytex: Helper Functions to Install and Maintain TeX Live, and Compile
LaTeX Documents},
  author = {Yihui Xie},
  year = {2018},
  note = {R package version 0.7},
  url = {https://CRAN.R-project.org/package=tinytex},
}
@Manual{R-tufte,
  title = {tufte: Tufte's Styles for R Markdown Documents},
  author = {Yihui Xie and JJ Allaire},
  year = {2018},
  note = {R package version 0.4},
  url = {https://CRAN.R-project.org/package=tufte},
}
@Manual{R-xaringan,
  title = {xaringan: Presentation Ninja},
  author = {Yihui Xie},
  year = {2018},
  note = {R package version 0.8},
  url = {https://CRAN.R-project.org/package=xaringan},
}
